@article{PhysRevLett.114.028104,
  title = {Simple Model for Identifying Critical Regions in Atrial Fibrillation},
  author = {Christensen, Kim and Manani, Kishan A. and Peters, Nicholas S.},
  journal = {Phys. Rev. Lett.},
  volume = {114},
  issue = {2},
  pages = {028104},
  numpages = {6},
  year = {2015},
  month = {Jan},
  publisher = {American Physical Society},
  doi = {10.1103/PhysRevLett.114.028104},
  url = {http://link.aps.org/doi/10.1103/PhysRevLett.114.028104}
}

