
@article{kim2015,
  title={Simple model for identifying critical regions in atrial fibrillation},
  author={Christensen, Kim and Manani, Kishan A and Peters, Nicholas S},
  journal={Physical review letters},
  volume={114},
  number={2},
  pages={028104},
  year={2015},
  publisher={APS}
}


@article{physmodel_review,
author={Fenton, F. H and Cherry, E. M.},
title={{M}odels of cardiac cell},
year={2008},
journal={Scholarpedia},
volume={3},
number={8},
pages={1868},
note={{revision \#91508}}
}


@article{physmodel_fkkktcomparison,
  title={Comparison of Detailed and Simplified Models of Human Atrial Myocytes to Recapitulate Patient Specific Properties},
  author={Lombardo, Daniel M and Fenton, Flavio H and Narayan, Sanjiv M and Rappel, Wouter-Jan},
  journal={PLoS Comput Biol},
  volume={12},
  number={8},
  pages={e1005060},
  year={2016},
  publisher={Public Library of Science}
}

@inproceedings{physmodel_heterogeneities2015,
  title={Influence of right and left atrial tissue heterogeneity on atrial fibrillation perpetuation},
  author={Luca, Adrian and Jacquemet, Vincent and Virag, Nathalie and Vesin, Jean-Marc},
  booktitle={2015 Computing in Cardiology Conference (CinC)},
  pages={449--452},
  year={2015},
  organization={IEEE}
}

@article{physmodel_rotorspeed2015,
  title={Ionic determinants of functional reentry in a 2-D model of human atrial cells during simulated chronic atrial fibrillation},
  author={Pandit, Sandeep V and Berenfeld, Omer and Anumonwo, Justus MB and Zaritski, Roman M and Kneller, James and Nattel, Stanley and Jalife, Jos{\'e}},
  journal={Biophysical journal},
  volume={88},
  number={6},
  pages={3806--3821},
  year={2005},
  publisher={Elsevier}
}

@article{physmodel_fhnrabbit2014,
  title={Three-dimensional computer model of the right atrium including the sinoatrial and atrioventricular nodes predicts classical nodal behaviours},
  author={Li, Jue and Inada, Shin and Schneider, Jurgen E and Zhang, Henggui and Dobrzynski, Halina and Boyett, Mark R},
  journal={PloS one},
  volume={9},
  number={11},
  pages={e112547},
  year={2014},
  publisher={Public Library of Science}
}

@article{cellauto_review,
  title={A new cellular automata model of cardiac action potential propagation based on summation of excited neighbors},
  author={Pourhasanzade, F and Sabzpoushan, SH},
  journal={World Academy of Science, Engineering and Technology},
  volume={44},
  pages={917--921},
  year={2010}
}
@article{cellauto_sphere2015,
  title={Modeling Sources of Atrial Fibrillation on a Triangulated Sphere},
  author={Fedotov, NM and Oferkin, AI and Zhary, SV},
  journal={Biomedical Engineering},
  volume={49},
  number={2},
  pages={112--115},
  year={2015},
  publisher={Springer}
}




@article{cellauto_model2005,
  title={A probabilistic model of cardiac electrical activity based on a cellular automata system},
  author={Atienza, Felipe Alonso and Carri{\'o}n, Jes{\'u}s Requena and Alberola, Arcadi Garc{\'\i}a and {\'A}lvarez, Jos{\'e} L Rojo and Mu{\~n}oz, Juan J S{\'a}nchez and S{\'a}nchez, Juan Mart{\'\i}nez and Ch{\'a}varri, Mariano Vald{\'e}s},
  journal={Revista Espa{\~n}ola de Cardiolog{\'\i}a (English Edition)},
  volume={58},
  number={1},
  pages={41--47},
  year={2005},
  publisher={Elsevier}
}

@article{cellauto_3dmodel,
  title={An interactive 3D anisotropic cellular automata model of the heart},
  author={Siregar, P and Sinteff, JP and Julen, N and Le Beux, P},
  journal={Computers and Biomedical Research},
  volume={31},
  number={5},
  pages={323--347},
  year={1998},
  publisher={Elsevier}
}
@article{cellauto_curvature1990,
  title={A cellular automaton model of excitable media including curvature and dispersion},
  author={Gerhardt, Martin and Schuster, Heike and Tyson, John J},
  journal={Science},
  volume={247},
  number={4950},
  pages={1563--1566},
  year={1990}
}

@article{cellauto_weimar1992,
  title={Diffusion and wave propagation in cellular automaton models of excitable media},
  author={Weimar, J{\"o}rg R and Tyson, John J and Watson, Layne T},
  journal={Physica D: Nonlinear Phenomena},
  volume={55},
  number={3},
  pages={309--327},
  year={1992},
  publisher={Elsevier}
}








@article{arrhythmia_ca2016,
  title={Current controversies in determining the main mechanisms of atrial fibrillation},
  author={Schotten, U and Dobrev, D and Platonov, PG and Kottkamp, H and Hindricks, G},
  journal={Journal of internal medicine},
  volume={279},
  number={5},
  pages={428--438},
  year={2016},
  publisher={Wiley Online Library}
}

@article{arrhythmia_careview2016,
  title={Computational models of atrial cellular electrophysiology and calcium handling, and their role in atrial fibrillation},
  author={Heijman, Jordi and Erfanian Abdoust, Pegah and Voigt, Niels and Nattel, Stanley and Dobrev, Dobromir},
  journal={The Journal of Physiology},
  volume={594},
  number={3},
  pages={537--553},
  year={2016},
  publisher={Wiley Online Library}
}

@article{arrhythmia_rotorsreview2013,
  title={Rotors and the dynamics of cardiac fibrillation},
  author={Pandit, Sandeep V and Jalife, Jos{\'e}},
  journal={Circulation research},
  volume={112},
  number={5},
  pages={849--862},
  year={2013},
  publisher={Am Heart Assoc}
}

@article{arrhythmia_rotors2012,
  title={Clinical mapping approach to diagnose electrical rotors and focal impulse sources for human atrial fibrillation},
  author={Narayan, Sanjiv M and Krummen, David E and RAPPEL, WOUTER-JAN},
  journal={Journal of cardiovascular electrophysiology},
  volume={23},
  number={5},
  pages={447--454},
  year={2012},
  publisher={Wiley Online Library}
}

@article{arrhythmia_review2012,
  title={Mecanismos de las arritmias cardiacas},
  author={Gazta{\~n}aga, Larraitz and Marchlinski, Francis E and Betensky, Brian P},
  journal={Revista Espa{\~n}ola de Cardiolog{\'\i}a},
  volume={65},
  number={2},
  pages={174--185},
  year={2012},
  publisher={Elsevier}
}

@article{arrhythmia_review2001,
  title={Basic mechanisms of reentrant arrhythmias},
  author={Antzelevitch, Charles},
  journal={Current opinion in cardiology},
  volume={16},
  number={1},
  pages={1--7},
  year={2001},
  publisher={LWW}
}


@article{arrhythmia_fibrosis2007,
  title={Mounting evidence that fibrosis generates a major mechanism for atrial fibrillation},
  author={Spach, Madison S},
  journal={Circulation Research},
  volume={101},
  number={8},
  pages={743--745},
  year={2007},
  publisher={Am Heart Assoc}
}

@article{arrhythmia_venacava2000,
  title={Initiation of atrial fibrillation by ectopic beats originating from the superior vena cava electrophysiological characteristics and results of radiofrequency ablation},
  author={Tsai, Chin-Feng and Tai, Ching-Tai and Hsieh, Ming-Hsiung and Lin, Wei-Shiang and Yu, Wen-Chung and Ueng, Kwo-Chang and Ding, Yu-An and Chang, Mau-Song and Chen, Shih-Ann},
  journal={Circulation},
  volume={102},
  number={1},
  pages={67--74},
  year={2000},
  publisher={Am Heart Assoc}
}
@article{arrhythmia_pulmonaryvein1998,
  title={Spontaneous initiation of atrial fibrillation by ectopic beats originating in the pulmonary veins},
  author={Haissaguerre, Michel and Ja{\"\i}s, Pierre and Shah, Dipen C and Takahashi, Atsushi and Hocini, M{\'e}l{\`e}ze and Quiniou, Gilles and Garrigue, St{\'e}phane and Le Mouroux, Alain and Le M{\'e}tayer, Philippe and Cl{\'e}menty, Jacques},
  journal={New England Journal of Medicine},
  volume={339},
  number={10},
  pages={659--666},
  year={1998},
  publisher={Mass Medical Soc}
}

@article{kim_computationalmodels2001,
  title={Computational models of normal and abnormal action potential propagation in cardiac tissue: linking experimental and clinical cardiology},
  author={Clayton, Richard H},
  journal={Physiological measurement},
  volume={22},
  number={3},
  pages={R15},
  year={2001},
  publisher={IOP Publishing}
}



@online{article_kimpaper,
  author = {Wogan T},
  title = {Heart-muscle model could help pinpoint regions of atrial fibrillation},
  year = 2016,
  url = {http://physicsworld.com/cws/article/news/2015/jan/26/heart-muscle-model-could-help-pinpoint-regions-of-atrial-fibrillation},
  urldate = {2016-09-30}
}


@misc{article_aftreatments,
  author = {Rosenthal L},
  title = {Atrial Fibrillation Treatment and Management},
  year = 2016,
  note = {http://emedicine.medscape.com/article/151066-treatment},
  urldate = {2016-09-30}
}

@misc{article_afablation,
  author = {Greenberg M},
  title = {Catheter Ablation},
  year = 2016,
  note = {http://emedicine.medscape.com/article/1828541-overview},
  urldate = {2016-09-30}
}

@article{cardiacphys_ap2009,
  title={Basic Science for the Clinical Electrophysiologist},
  author={Channels, Cardiac Ion},
  year={2009},
  publisher={Citeseer}
}

@article{cardiacphys_raterythmcontrol,
  title={Rate control in the medical management of atrial fibrillation},
  author={Camm, A John and Savelieva, Irina and Lip, Gregory YH},
  journal={Heart},
  volume={93},
  number={1},
  pages={35--38},
  year={2007},
  publisher={BMJ Publishing Group Ltd and British Cardiovascular Society}
}

@book{cardiacphys_book1987,
  title={Clinical electrophysiology of the heart},
  author={Ward, David E and Camm, A John and Waldo, Albert L},
  year={1987},
  publisher={Edward Arnold London}
}

@article{stats_af,
  title={Worldwide epidemiology of atrial fibrillation: a Global Burden of Disease 2010 Study},
  author={Chugh, Sumeet S and Havmoeller, Rasmus and Narayanan, Kumar and Singh, David and Rienstra, Michiel and Benjamin, Emelia J and Gillum, Richard F and Kim, Young-Hoon and McAnulty, John H and Zheng, Zhi-Jie and others},
  journal={Circulation},
  pages={CIRCULATIONAHA--113},
  year={2013},
  publisher={Am Heart Assoc}
}
@article{stats_health,
  title={The current cost of heart failure to the National Health Service in the UK},
  author={Stewart, Simon and Jenkins, Andrew and Buchan, Scot and McGuire, Alistair and Capewell, Simon and McMurray, John JJV},
  journal={European journal of heart failure},
  volume={4},
  number={3},
  pages={361--371},
  year={2002},
  publisher={Wiley Online Library}
}

@article{arrhythmia_figurecircle,
  title={Critical role of inhomogeneities in pacing termination of cardiac reentry},
  author={Sinha, Sitabhra and Stein, Kenneth M and Christini, David J},
  journal={Chaos: An Interdisciplinary Journal of Nonlinear Science},
  volume={12},
  number={3},
  pages={893--902},
  year={2002},
  publisher={AIP Publishing}
}